<?xml version="1.0" encoding="utf-8"?>
<record xmlns="http://www.loc.gov/MARC21/slim" xmlns:xsi="http://www.w3.org/2001/XMLSchema-instance" xsi:schemaLocation="http://www.loc.gov/MARC21/slim http://www.loc.gov/standards/marcxml/schema/MARC21slim.xsd">
	<leader>     nam a22        4500</leader>
	<controlfield tag="001">b12456056</controlfield>
	<controlfield tag="003">LeBAU</controlfield>
	<controlfield tag="006">m        d        </controlfield>
	<controlfield tag="007">cr cn |||m|||a</controlfield>
	<controlfield tag="008">170120m19011910tu      o     000 0 ara d</controlfield>
	<datafield ind1=" " ind2=" " tag="040">
		<subfield code="a">NNU</subfield>
		<subfield code="b">ara</subfield>
		<subfield code="e">rda</subfield>
		<subfield code="c">NNU</subfield>
	</datafield>
	<datafield ind1=" " ind2="4" tag="050">
		<subfield code="a">KBP144</subfield>
		<subfield code="b">.S55 1901</subfield>
	</datafield>
	<datafield ind1="0" ind2="4" tag="082">
		<subfield code="a">349.297</subfield>
		<subfield code="2">20</subfield>
	</datafield>
	<datafield ind1="1" ind2=" " tag="100">
		<subfield code="6">880-01</subfield>
		<subfield code="a">Shaykhʹzādah, ʻAbd al-Raḥmān ibn Muḥammad,</subfield>
		<subfield code="d">-1667 or 1668,</subfield>
		<subfield code="e">author.</subfield>
	</datafield>
	<datafield ind1="1" ind2="0" tag="245">
		<subfield code="6">880-02</subfield>
		<subfield code="a">Majma‘ al-anhur fī multaqá al-abḥur /</subfield>
		<subfield code="c">ta’līf al-mawlá al-faqīh al-muḥaqqiq ‘Abd Allāh al-Raḥmān ibn al-Shaykh Muḥammad ibn Sulaymān al-ma‘rūf bi-Dāmād Afandī.</subfield>
		<subfield code="b">Wa-li-itmām al-naf‘ qad ḥuliya hāmishihi bi-al-sharḥ al-musammá Bi-durr al-Muntaqá fī sharḥ al-Multaqá.</subfield>
	</datafield>
	<datafield ind1=" " ind2="1" tag="264">
		<subfield code="6">880-03</subfield>
		<subfield code="a">al-Āsitānah :</subfield>
		<subfield code="b">Maṭba‘ah ‘Āmirah,</subfield>
		<subfield code="c">1319-1328 H., [1901-1910? M.]</subfield>
	</datafield>
	<datafield ind1=" " ind2=" " tag="300">
		<subfield code="6">880-04</subfield>
		<subfield code="a">online resource (2 volumes)</subfield>
	</datafield>
	<datafield ind1=" " ind2=" " tag="336">
		<subfield code="a">text</subfield>
		<subfield code="2">rdacontent</subfield>
	</datafield>
	<datafield ind1=" " ind2=" " tag="337">
		<subfield code="a">computer</subfield>
		<subfield code="2">rdamedia</subfield>
	</datafield>
	<datafield ind1=" " ind2=" " tag="338">
		<subfield code="a">online resource</subfield>
		<subfield code="2">rdacarrier</subfield>
	</datafield>
	<datafield ind1=" " ind2=" " tag="500">
		<subfield code="a">Part of the Arabic Collections Online (ACO) project, contributed by American University of Beirut's Jafet Memorial Library.</subfield>
	</datafield>
	<datafield ind1=" " ind2=" " tag="533">
		<subfield code="a">Electronic reproduction.</subfield>
		<subfield code="b">New York, N.Y. :</subfield>
		<subfield code="c">New York University,</subfield>
		<subfield code="d">2017.</subfield>
		<subfield code="5">NNU</subfield>
	</datafield>
	<datafield ind1="1" ind2="0" tag="600">
		<subfield code="6">880-05</subfield>
		<subfield code="a">Ḥalabī, Ibrāhīm ibn Muḥammad,</subfield>
		<subfield code="d">-1549 or 1550.</subfield>
		<subfield code="t">Multaqá al-abḥur.</subfield>
	</datafield>
	<datafield ind1=" " ind2="0" tag="650">
		<subfield code="6">880-06</subfield>
		<subfield code="a">Islamic law.</subfield>
	</datafield>
	<datafield ind1=" " ind2="0" tag="650">
		<subfield code="6">880-07</subfield>
		<subfield code="a">Hanafites.</subfield>
	</datafield>
	<datafield ind1="1" ind2="2" tag="700">
		<subfield code="6">880-08</subfield>
		<subfield code="a">Ḥaṣkafī, Muḥammad ibn ʻAlī,</subfield>
		<subfield code="d">approximately 1616-1677.</subfield>
		<subfield code="t">Durr al-muntaqá fī sharḥ al-Multaqá.</subfield>
	</datafield>
	<datafield ind1="2" ind2=" " tag="710">
		<subfield code="a">Jafet Memorial Library.</subfield>
	</datafield>
	<datafield ind1="0" ind2=" " tag="730">
		<subfield code="a">Arabic Collections Online.</subfield>
	</datafield>
	<datafield ind1="0" ind2="8" tag="776">
		<subfield code="i">Print version:</subfield>
		<subfield code="a">Shaykhʹzādah, ʻAbd al-Raḥmān ibn Muḥammad, -1667 or 1668, author.</subfield>
		<subfield code="t">Majma‘ al-anhur fī multaqá al-abḥur</subfield>
		<subfield code="w">(LeBAU)b12456056</subfield>
	</datafield>
	<datafield ind1="4" ind2="0" tag="856">
		<subfield code="u">http://hdl.handle.net/2333.1/kprr52tb</subfield>
	</datafield>
	<datafield ind1="1" ind2=" " tag="880">
		<subfield code="6">100-01/r</subfield>
		<subfield code="a">شيخ زاده، عبد الرحمن بن محمد،</subfield>
		<subfield code="d">-1078،</subfield>
		<subfield code="e">author.</subfield>
	</datafield>
	<datafield ind1="1" ind2="0" tag="880">
		<subfield code="6">245-02/r</subfield>
		<subfield code="a">مجمع الأنهر في ملتقى الأبحر /</subfield>
		<subfield code="c">تأليف المولى الفقيه المحقق عبد الله الرحمن بن الشيخ محمد بن سليمان المعروف بداماد أفندي.</subfield>
		<subfield code="b">ولأجل إتمام النفع قد حلى هامشه بالشرح المسمى بدر المنتقى في شرح الملتقى.</subfield>
	</datafield>
	<datafield ind1=" " ind2="1" tag="880">
		<subfield code="6">264-03/r</subfield>
		<subfield code="a">الآستانة :</subfield>
		<subfield code="b">مطبعة عامرة،</subfield>
		<subfield code="c">1319-1328 هـ.، [1901-1910؟ م.]</subfield>
	</datafield>
	<datafield ind1=" " ind2=" " tag="880">
		<subfield code="6">300-04/r</subfield>
		<subfield code="a">2 جلد ؛</subfield>
		<subfield code="c">26 سم</subfield>
	</datafield>
	<datafield ind1="0" ind2=" " tag="880">
		<subfield code="6">505-00/r</subfield>
		<subfield code="a">مجمع الأنهر في ملتقى الأبحر: الجلد الأول من مجمع الأنهر في شرح ملتقى الأبحر --الجلد الثاني من مجمع الأنهر في شرح ملتقى الأبحر.</subfield>
	</datafield>
	<datafield ind1="1" ind2="4" tag="880">
		<subfield code="6">600-05/r</subfield>
		<subfield code="a">الحلبي، إبراهيم بن محمد،</subfield>
		<subfield code="d">-1549.</subfield>
		<subfield code="t">ملتقى الأبحر.</subfield>
	</datafield>
	<datafield ind1=" " ind2="4" tag="880">
		<subfield code="6">650-06/r</subfield>
		<subfield code="a">الفقه الاسلامي.</subfield>
	</datafield>
	<datafield ind1=" " ind2="4" tag="880">
		<subfield code="6">650-07/r</subfield>
		<subfield code="a">المذهب الحنفي.</subfield>
	</datafield>
	<datafield ind1="1" ind2="2" tag="880">
		<subfield code="6">700-08/r</subfield>
		<subfield code="a">حصكفي، محمد بن علي،</subfield>
		<subfield code="d">approximately 1616-1677.</subfield>
		<subfield code="t">در المنتقى في شرح الملتقى.</subfield>
	</datafield>
	<datafield ind1=" " ind2=" " tag="959">
		<subfield code="a">NNU</subfield>
		<subfield code="b">WEB</subfield>
		<subfield code="c">GENI</subfield>
		<subfield code="t">0</subfield>
		<subfield code="m">Electronic access</subfield>
		<subfield code="s">01</subfield>
	</datafield>
	<datafield ind1=" " ind2=" " tag="999">
		<subfield code="i">LeBAU_b12456056</subfield>
		<subfield code="s">aub_aco000383:v.1</subfield>
		<subfield code="s">aub_aco000384:v.2</subfield>
		<subfield code="e">(ERROR-MISC)</subfield>
		<subfield code="s">aub_aco000383:v.1</subfield>
		<subfield code="s">aub_aco000384:v.2</subfield>
	</datafield>
</record>
